@Online{KrackAttacks,
    author = {Vanhoef, Mathy},
    title = {Key Reinstallation Attacks},
    year = 2017,
    url = {www.krackattacks.com},
urldate = {2017-10-26}}
